<record><leader>00000cas a22000007a 4500</leader><controlfield tag="001">11420979</controlfield><controlfield tag="008">841126d189919uualuwr ne      0   a0eng d</controlfield><datafield ind1=" " ind2=" " tag="010"><subfield code="a">sn 85044512 </subfield></datafield><datafield ind1=" " ind2=" " tag="040"><subfield code="a">AAA</subfield><subfield code="b">eng</subfield><subfield code="c">AAA</subfield><subfield code="d">CPN</subfield><subfield code="d">DLC</subfield><subfield code="d">CPN</subfield><subfield code="d">OCLCQ</subfield><subfield code="d">AAM</subfield><subfield code="d">OCLCQ</subfield><subfield code="d">OCLCF</subfield><subfield code="d">OCLCO</subfield></datafield><datafield ind1=" " ind2=" " tag="042"><subfield code="a">msc</subfield></datafield><datafield ind1=" " ind2=" " tag="043"><subfield code="a">n-us-al</subfield></datafield><datafield ind1="0" ind2="0" tag="245"><subfield code="a">Dothan home journal.</subfield></datafield><datafield ind1="1" ind2="3" tag="246"><subfield code="a">Dothan home and farm journal</subfield></datafield><datafield ind1="1" ind2="3" tag="246"><subfield code="a">Wiregrass home and farm journal</subfield></datafield><datafield ind1=" " ind2=" " tag="260"><subfield code="a">Dothan, Ala. :</subfield><subfield code="b">John R. Keyton</subfield></datafield><datafield ind1=" " ind2=" " tag="300"><subfield code="a">v.</subfield></datafield><datafield ind1=" " ind2=" " tag="310"><subfield code="a">Weekly</subfield></datafield><datafield ind1="1" ind2=" " tag="362"><subfield code="a">Began in 1899.</subfield></datafield><datafield ind1=" " ind2=" " tag="500"><subfield code="a">For a short period published as: Dothan home and farm journal &lt;Mar. 22-Sept. 1917&gt; and: Wiregrass home and farm journal &lt;Oct. 1917-May 2, 1918&gt;.</subfield></datafield><datafield ind1=" " ind2=" " tag="515"><subfield code="a">Issues for Jan. 10, 1900-Jan. 31, 1900 are misdated 1899.</subfield></datafield><datafield ind1=" " ind2=" " tag="588"><subfield code="a">Description based on: Vol. 1, no. 20 (Aug. 16, 1899).</subfield></datafield><datafield ind1=" " ind2="0" tag="651"><subfield code="a">Dothan (Ala.)</subfield><subfield code="v">Newspapers.</subfield></datafield><datafield ind1=" " ind2="7" tag="655"><subfield code="a">Newspapers.</subfield><subfield code="2">fast</subfield><subfield code="0">(OCoLC)fst01423814</subfield></datafield><datafield ind1=" " ind2="7" tag="651"><subfield code="a">Alabama</subfield><subfield code="z">Dothan.</subfield><subfield code="2">fast</subfield><subfield code="0">(OCoLC)fst01218738</subfield></datafield><datafield ind1=" " ind2=" " tag="752"><subfield code="a">United States</subfield><subfield code="b">Alabama</subfield><subfield code="c">Houston</subfield><subfield code="d">Dothan.</subfield></datafield></record>